@Article{kamvar2013poppr,
    title = {\textit{Poppr}: an {R} package for genetic analysis of populations with clonal, partially clonal, and/or sexual reproduction.},
    author = {\textbf{Z.N. Kamvar} and Javier F. Tabima and Niklaus J. Gr\"unwald},
    year = {2014},
    month = {3},
    volume = {2},
    pages = {e281},
    keywords = {population genetics, clonality, genotypic diversity, index of association, Bruvo's distance, clone correction, minimum spanning networks, hierarchy, bootstrap, permutation},
    issn = {2167-8359},
    url = {http://dx.doi.org/10.7717/peerj.281},
    doi = {10.7717/peerj.281},
    journal = {PeerJ},
  }


@article{buckner2007involving,
  title={Involving undergraduates in the annotation and analysis of global gene expression studies: creation of a maize shoot apical meristem expression database},
  author={Buckner, Brent and Beck, Jon and Browning, Kate and Fritz, Ashleigh and Grantham, Lisa and Hoxha, Eneda and \textbf{Z.N. Kamvar} and Lough, Ashley and Nikolova, Olga and Schnable, Patrick S and others},
  journal={Genetics},
  volume={176},
  number={2},
  pages={741--747},
  year={2007},
  publisher={Genetics Soc America}
}

@article{kamvar2015novel,
  title={{Novel R tools for analysis of genome-wide population genetic data with emphasis on clonality}},
  author={Kamvar, Zhian N and Brooks, Jonah C and Gr{\"u}nwald, Niklaus J},
  journal={Frontiers in Genetics},
  volume={6},
  year={2015},
  doi={10.3389/fgene.2015.00208},
  publisher={Frontiers Media SA}
}

@article{kamvar2015spatial,
  doi = {10.1094/phyto-12-14-0350-fi},
  url = {http://dx.doi.org/10.1094/PHYTO-12-14-0350-FI},
  year = {2015},
  month = {jul},
  publisher = {Scientific Societies},
  volume = {105},
  number = {7},
  pages = {982--989},
  author = {\textbf{Z. N. Kamvar} and M. M. Larsen and A. M. Kanaskie and E. M. Hansen and N. J. Gr{\"u}nwald},
  title = {Spatial and Temporal Analysis of Populations of the Sudden Oak Death Pathogen in Oregon Forests},
  journal = {Phytopathology},
}

@Article{kamvar2016developing,
  doi = {10.1111/1755-0998.12558},
  url = {http://dx.doi.org/10.1111/1755-0998.12558},
  year = {2016},
  month = {jul},
  publisher = {Wiley-Blackwell},
  author = {\textbf{Zhian N. Kamvar} and Margarita M. L{\a'o}pez-Uribe and Simone Coughlan and Niklaus J. Gr{\"u}nwald and Hilmar Lapp and St{\a'e}phanie Manel},
  title = {{Developing educational resources for population genetics in R: an open and collaborative approach}},
  journal = {Molecular Ecology Resources},
}

@article{grunwald2016first,
  title={{First Report of the EU1 Clonal Lineage of \textit{Phytophthora ramorum} on Tanoak in an Oregon Forest}},
  author={Gr{\"u}nwald, NJ and Larsen, MM and Kamvar, ZN and Reeser, PW and Kanaskie, A and Laine, J and Wiese, R},
  journal={Plant Disease},
  year={2016},
  doi={10.1094/PDIS-10-15-1169-PDN},
  publisher={Am Phytopath Society}
}