

@ARTICLE{eckert_etal_2013,
  TITLE="Multilocus analyses reveal little evidence for lineage-wide adaptive evolution within major clades of soft pines (\emph{{P}inus} subgenus \emph{{S}trobus})",
  AUTHOR="A.J. Eckert AND A.D. Bower AND K.D. Jermstad AND J.L. Wegrzyn AND \textbf{B.J. Knaus} AND J.V. Syring AND D.B. Neale",
  JOURNAL="Molecular Ecology",
  YEAR=2013,
  VOLUME = 22,
  PAGES = "5635-5650",
  NOTE={\url{http://dx.doi.org/10.1111/mec.12514}},
  issn = {1365-294X},
  url = {http://dx.doi.org/10.1111/mec.12514},
  doi = {10.1111/mec.12514},
  keywords = {adaptive evolution, distribution of deleterious fitness effects, nearly neutral theory of molecular evolution, Pinus, purifying selection, subgenus Strobus},
}
%  pages = {n/a--n/a},

@ARTICLE{bushley_etal_2013,
TITLE = "The Genome of Tolypocladium inflatum: Evolution, Organization, and Expression of the Cyclosporin Biosynthetic Gene Cluster",
Author = "K.E. Bushley and R. Raja and P. Jaiswal and J.S. Cumbie and M. Nonogaki AND A. Boyd and  C.A. Owensby and \textbf{B.J. Knaus} AND J. Elser AND D. Miller AND Y. Di AND K.L. McPhail and J.W. Spatafora",
JOURNAL = "PLoS Genomics",
YEAR = 2013,
Volume = 9,
PAGES = "e1003496",
NOTE={\url{http://dx.doi.org/10.1371/journal.pgen.1003496}},
}

@ARTICLE{wall_etal_2013,
TITLE="Evidence of population bottleneck in \emph{{A}stragalus michauxii} ({F}abaceae), a narrow endemic of the southeastern {U}nited {S}tates",
AUTHOR="W.A. Wall AND N.A. Douglas AND W.A. Hoffmann AND T.R. Wentworth AND J.B. Gray AND Q.-Y. J. Xiang AND \textbf{B.J. Knaus} AND M.G. Hohmann",
JOURNAL="Conservation Genetics",
YEAR=2013,
VOLUME=15,
PAGES="153-164",
NOTE={\url{http://dx.doi.org/10.1007/s10592-013-0527-2}},
}


@ARTICLE{cronn_etal_2012,
AUTHOR = "R. Cronn AND \textbf{B.J. Knaus} AND A. Liston AND Maughn, P.J. AND M. Parks AND Syring, J.V. AND J. Udall",
YEAR = "2012",
TITLE = "Targeted enrichment strategies for next-generation plant biology",
JOURNAL = "American Journal of Botany",
VOLUME = "99",
PAGES = "291-311",
NOTE={\url{http://dx.doi.org/10.3732/ajb.1100356 }},
}

@ARTICLE{gilmore_etal_2014,
AUTHOR = "B.S. Gilmore and N.V. Bassil and D.L. Barney and \textbf{B.J. Knaus} and K.E. Hummer",
YEAR = 2014,
VOLUME = 139,
PAGES = "22-29",
TITLE = "Short-read {DNA} sequencing yields microsatellite markers for \emph{{R}heum}",
JOURNAL = "Journal of the American Society for Horticultural Science",
}

@ARTICLE{gilmore_etal_2012,
AUTHOR = "B. Gilmore and N. Bassil and A. Nyberg and \textbf{B. Knaus} and D. Smith and D.L. Barney and K. Hummer",
YEAR = 2013,
VOLUME = 138,
PAGES = "64-74",
TITLE = "Microsatellite Marker Development in Peony using Next Generation Sequencing",
JOURNAL = "Journal of the American Society for Horticultural Science",
}

@ARTICLE{hayden_etal_2014,
TITLE = "Dual {RNA}-seq of the plant pathogen \emph{{P}hytophthora ramorum} and its tanoak host",
AUTHOR = "K.J. Hayden and M. Garbelotto and \textbf{B.J. Knaus} and R.C. Cronn and H. Rai and J.W. Wright",
YEAR = 2014,
JOURNAL = "Tree Genetics and Genomes",
NOTE={\url{http://dx.doi.org/10.1007/s11295-014-0698-0}},
}

@ARTICLE{howe_etal_2013,
title = "A {SNP} resource for {D}ouglas-fir: de novo transcriptome assembly and {SNP} detection and validation",
Author = "G.T. Howe and J. Yu and \textbf{B. Knaus} and R. Cronn and S. Kolpak and P. Dolan and W.W. Lorenz and J.F.D. Dean",
Journal = "BMC Genomics",
YEAR = "2013",
VOLUME = 14,
PAGES = 137,
NOTE={\url{http://dx.doi.org/10.1186/1471-2164-14-137}}
}

@ARTICLE{jennings_etal_2013,
TITLE="Microsatellite primers for the {P}acific {N}orthwest conifer \emph{{C}allitropsis nootkatensis} ({C}upressaceae)",
AUTHOR="T.N. Jennings AND \textbf{B.J. Knaus} AND K. Alderman AND P. E. Hennon AND D.V. D'Amore AND R. Cronn",
JOURNAL="Application in Plant Sciences",
YEAR=2013,
VOLUME=1,
NOTE={\url{http://dx.doi.org/10.3732/apps.1300025}},
}


@ARTICLE{jennings_etal_2011a,
AUTHOR = "T.N. Jennings AND \textbf{B.J. Knaus} AND S. Kolpak AND R. Cronn",
YEAR = "2011",
TITLE = "Microsatellite primers for the {P}acific {N}orthwest endemic conifer \emph{{C}hamaecyparis lawsoniana} ({C}upressaceae)",
JOURNAL = "American Journal of Botany",
VOLUME = "98",
PAGES = "e323-325",
NOTE={\url{http://dx.doi.org/10.3732/ajb.1100317}},
}

@ARTICLE{jennings_etal_2011b,
AUTHOR = "T.N. Jennings AND \textbf{B.J. Knaus} AND T.D. Mullins AND S.M. Haig AND R. Cronn",
YEAR = "2011",
TITLE = "Multiplexed microsatellite recovery using massively parallel sequencing",
JOURNAL = "Molecular Ecology Resources",
VOLUME = "11",
PAGES = "1060-1067",
NOTE={\url{http://dx.doi.org/10.1111/j.1755-0998.2011.03033.x}},
}


@PHDTHESIS{knaus_phd,
AUTHOR = "\textbf{B.J. Knaus}",
YEAR = "2008",
TITLE = "A fistful of \emph{Astragalus}: phenotypic and genotypic basis of the most taxon rich species in the North American flora",
SCHOOL = "Oregon State University",
NOTE = "\linebreak \url{http://hdl.handle.net/1957/9510}",
}

@ARTICLE{knaus_etal_2011,
AUTHOR = "\textbf{B.J. Knaus} AND R. Cronn AND A. Liston AND K. Pilgrim AND M.K. Schwartz",
YEAR = "2011",
TITLE = "Mitochondrial genome sequences illuminate maternal lineages of conservation concern in a rare carnivore",
JOURNAL = "BMC Ecology",
VOLUME = "11",
PAGES = "10",
NOTE={\url{http://dx.doi.org/10.1186/1472-6785-11-10}},
}


@ARTICLE{haig_etal_2011,
AUTHOR = "S.M. Haig AND W.M. Bronaugh AND R.S. Crowhurst AND J. D'Elia AND C.A. Eagles-Smith AND C.W. Epps AND \textbf{B.J. Knaus} AND M. Miller AND M.L. Moses AND S. Oyler-McCance AND W.D. Robinson AND B. Sidlauskas",
YEAR = "2011",
TITLE = "Genetic applications in avian conservation",
JOURNAL = "The Auk",
VOLUME = "128",
PAGES = "205-229",
NOTE={\url{http://www.jstor.org/stable/10.1525/auk.2011.128.2.205}},
}


@ARTICLE{haig_etal_2006,
AUTHOR = "S.M. Haig AND E. Beever AND S.M. Chambers AND H.M. Draheim AND B.D. Dugger AND S. Dunham AND E. Elliott-Smith And J. Fontaine AND D. Kesler AND \textbf{B.J. Knaus} AND I.F. Lopes AND P. Loschl AND T.D. Mullins AND L.M. Sheffield",
YEAR = "2006",
TITLE = "Taxonomic considerations in listing subspecies under the {U.S.} {E}ndangered {S}pecies {A}ct",
JOURNAL = "Conservation Biology",
VOLUME = "20",
PAGES = "1584-1594",
NOTE={\url{http://dx.doi.org/10.1111/j.1523-1739.2006.00530.x}},
}

@ARTICLE{knaus_etal_2012,
AUTHOR = "\textbf{B.J. Knaus} AND P.C. Dolan AND D. Denver AND R. Cronn",
TITLE = "Transcriptome dynamics in the dormancy-spring growth transition of {D}ouglas-fir needles",
JOURNAL = "In prep",
YEAR = 2012,
}


@ARTICLE{knaus_2010,
AUTHOR = "\textbf{B.J. Knaus}",
YEAR = "2010",
TITLE = "Morphometric architecture of the most taxon-rich species in the {U.S.} flora: \emph{Astragalus lentiginosus} ({F}abaceae)",
JOURNAL = "American Journal of Botany",
VOLUME = "97",
PAGES = "1816-1826",
NOTE={\url{http://dx.doi.org/10.3732/ajb.0900145}},
}

@ARTICLE{knaus_2005,
AUTHOR = "\textbf{B.J. Knaus} and R.C. Cronn and A. Liston",
YEAR = "2005",
TITLE = "Genetic characterization of three varieties of \emph{Astragalus lentiginosus} ({F}abaceae)",
JOURNAL = "Brittonia",
VOLUME = "57",
PAGES = "334-344",
}
%NOTE = {\url{http://dx.doi.org/10.1663/0007-196X(2005)057[0334:GCOTVO]2.0.CO;2}},

@ARTICLE{knaus_2005b,
AUTHOR = "\textbf{B.J. Knaus}",
YEAR = "2005",
TITLE = "Noteworthy collection: \emph{{P}enstemon pahutensis}",
JOURNAL = "Madro{\~n}o",
VOLUME = "52",
PAGES = "207-208",
}


@ARTICLE{rai_etal_2013,
TITLE = "Transcriptome characterization and detection of gene expression differences in aspen (\emph{{P}opulus tremuloides})",
AUTHOR = "H.S. Rai and K.E. Mock and B.A. Richardson and R.C. Cronn and K.J. Hayden and J.W. Wright and \textbf{B.J. Knaus} and P.G. Wolf",
YEAR = 2013,
VOLUME = 9,
PAGES = "1031-1041",
NOTE = {\url{http://dx.doi.org/10.1007/s11295-013-0615-y}},
JOURNAL = "Tree Genetics and Genomes",
}
%DOI = {10.1007/s11295-013-0615-y},

@ARTICLE{miller_etal_2013,
TITLE="{SSR}\_pipeline: A Bioinformatic Infrastructure for Identifying Microsatellites From Paired-End {I}llumina High-Throughput {DNA} Sequencing Data",
AUTHOR={M.P. Miller AND \textbf{B.J. Knaus} AND T.D. Mullins and S.M. Haig},
JOURNAL={Journal of Heredity},
year={2013},
VOLUME = 104,
PAGES = "881-885",
NOTE={\url{http://dx.doi.org/10.1093/jhered/est056}},
}

@Article{parke2014,
	title = {\emph{{P}hytophthora} community structure analyses in {O}regon nurseries inform systems approaches to disease management},
	author = {J. Parke AND \textbf{B.J. Knaus} AND V.J. Fieland AND C. Lewis AND N.J. Gr\"{u}nwald},
	journal = {Phytopathology},
	year = {2014},
NOTE={\url{http://dx.doi.org/10.1371/journal.pgen.1003496}}
}

@article{ross-davis_etal_2013,
  title={Transcriptome of an Armillaria root disease pathogen reveals candidate genes involved in host substrate utilization at the host--pathogen interface},
  author={Ross-Davis, A.L. and Stewart, J.E. and Hanna, J.W. and Kim, M.-S. and \textbf{B.J. Knaus} and Cronn, R. and Rai, H. and Richardson, B.A. and McDonald, G.I. and Klopfenstein, N.B.},
  journal={Forest Pathology},
  year={2013},
  VOLUME="efp.12056",
  NOTE={\url{http://dx.doi.org/10.1111/efp.12056}},
}

@ARTICLE{wilson_etal_2014,
TITLE = "Identification and Taxonomic Status of \emph{{C}ordylanthus tenuis} subsp. \emph{pallescens} ({O}robanchaceae)",
Author = "B.L. Wilson and R.E. Brainerd and N. Otting and \textbf{B.J. Knaus} and J. Kierstead Nelson",
YEAR = 2014,
VOLUME = 61,
PAGES = "64-76",
JOURNAL = "Madro\~{n}o",
NOTE={\url{http://dx.doi.org/10.3120/0024-9637-61.1.64}},
}


%% ---------- ---------- ---------- Section ---------- ---------- ---------- %%
%% Presentations.
%% ---------- ---------- ---------- Section ---------- ---------- ---------- %%

@misc{knaus_etal_tws2012,
AUTHOR = "\textbf{B.J. Knaus} and M.K. Schwartz and K. Pilgrim and T.N. Jennings and R. Cronn",
YEAR = 2012,
TITLE = "Mitochondrial genomes: possibilities and limitations",
NOTE = "The Wildlife Society's Conference, Portland OR",
MONTH = "October",
}
NOTE = "\textbf{Invited presentation} at The Wilderness Society's Conference, Portland OR",

@misc{knaus_etal_pag2012,
AUTHOR = "\textbf{B.J. Knaus} AND P.C. Dolan AND D. Denver AND R. Cronn",
YEAR = 2012,
TITLE = "Transcriptome dynamics in the dormancy-spring growth transition of {D}ouglas-fir needles",
NOTE = "The Plant and Animal Genomes Conference, San Diego, CA",
Month = "January",
}
NOTE = "Contributed presentation at the Plant and Animal Genomes Conference, San Diego, CA",

@misc{knaus_etal_bot2012,
AUTHOR = "\textbf{B.J. Knaus} AND P.C. Dolan AND D. Denver AND R. Cronn",
YEAR = 2012,
TITLE = "Transcriptome dynamics in the dormancy-spring growth transition of {D}ouglas-fir needles",
MONTH = "July",
NOTE = "Botany 2012 Conference, Columbus, OH",
}
NOTE = "Contributed presentation at the Botany 2012 Conference, Columbus, OH",

@misc{knaus_etal_ssfwg2011,
AUTHOR = "\textbf{B.J. Knaus} and R. Cronn and A. Liston and K. Pilgrim and M.K. Schwartz",
Month = "July",
Year = 2011,
TITLE = "Genomic Data Illuminates Lineages of Conservation Concern",
Note = "Presentation to the Southern Sierra Fisher Working Group, Fresno, CA (via video conference)",
}

@misc{knaus_etal_wfga2011,
AUTHOR = "\textbf{B.J. Knaus} AND P. Dolan AND D. Denver AND R. Cronn",
YEAR = 2011,
TITLE = "Early results from the {D}ouglas-fir transcriptome observatory",
NOTE = "The Western Forest Genetics Association Meeting, Troutdale, OR.",
MONTH = "July",
}
%NOTE = "Contributed presentation at the Western Forest Genetics Association Meeting, Troutdale, OR.",

@misc{knaus_nvrpwa2011a,
AUTHOR = "\textbf{B.J. Knaus}",
Month = "April",
Year =  2011,
Title = "Morphometrics, molecules and the coalescence: conserving evolutionary potential in \emph{Astragalus lentiginosus}, the most taxon rich species in the {U.S.} Flora",
NOTE = "Nevada Rare Plant Workshop, Reno, NV",
}

@misc{knaus_nvrpwa2011b,
AUTHOR = "\textbf{B.J. Knaus}",
Month = "April",
Year =  2011,
Title = "Varieties of \emph{Astragalus lentiginosus} with special status in {N}evada",
NOTE = "Nevada Rare Plant Workshop, Reno, NV",
}

@misc{yu_etal_pag2011,
AUTHOR = "J. Yu AND \textbf{B.J. Knaus} and P. Dolan and G. Howe and R. Cronn",
YEAR = 2011,
TITLE = "Another step for conifer genomics: a {D}ouglas-fir transcriptome",
NOTE = "The Plant and Animal Genomes Conference, San Diego, CA.",
MONTH = "January"
}
%NOTE = "Contributed presentation at the Plant and Animal Genomes Conference, San Diego, CA.",

@misc{knaus_etal_evol2010,
AUTHOR = "\textbf{B.J. Knaus} and R. Cronn and K. Pilgrim and M.K. Schwartz",
YEAR = "2010",
MONTH = "June",
TITLE = "Genomic data illuminates lineages of conservation concern",
NOTE = "Evolution 2010, Portland, OR.",
}
%NOTE = "Contributed presentation at Evolution 2010, Portland, OR.",

@misc{knaus_biopug2010,
AUTHOR = "\textbf{B.J. Knaus}",
MONTH = "April",
YEAR = 2010,
TITLE = "Pre-processing {I}llumina short reads",
NOTE = "The Bio-Perl User's Group, Oregon State University"
}
%NOTE = "\textbf{Invited presentation} to the Bio-Perl User's Group, Oregon State University"

@misc{knaus_bgss2010,
AUTHOR = "\textbf{B.J. Knaus}",
Month = "March",
YEAR = 2010,
TITLE = "Genomic data illuminates lineages of conservation concern",
NOTE = "The Biology Graduate Student Symposium, Oregon State University",
}
%NOTE = "Contributed presentation at the Biology Graduate Student Symposium, Oregon State University",

@misc{knaus_lc2010,
AUTHOR = "\textbf{B.J. Knaus}",
Month = "February",
YEAR = 2010,
TITLE = "Genomic data illuminates lineages of conservation concern",
Note = "The Department of Biology, Linnfield College",
}
%Note = "\textbf{Invited presentation} to the Department of Biology, Linnfield College",

@misc{knaus_ps2009,
AUTHOR = "\textbf{B.J. Knaus}",
Month = "January",
YEAR = 2009,
TITLE = "A fistful of \emph{Astragalus}: characterization of the most taxon rich species in the {North American} Flora",
NOTE = "Portland State University's Biology Department seminar series",
}
%NOTE = "\textbf{Invited presentation} at Portland State University's Biology Department seminar series",

@misc{knaus_cnps2009,
AUTHOR = "\textbf{B.J. Knaus}",
MONTH = "January",
YEAR = "2009",
TITLE = "Morphometrics, molecules and the coalescence: conserving evolutionary potential in \emph{Astragalus lentiginosus}, the most taxon rich species in the {U.S.} Flora",
NOTE = "The California Native Plant Society's Conservation Conference",
}
%NOTE = "\textbf{Invited presentation} at the California Native Plant Society's Conservation Conference",

@misc{knaus_npso2008,
AUTHOR = "\textbf{B.J. Knaus}",
MONTH = "February",
YEAR =  2008,
TITLE = "What's in a name? {T}he taxonomic history of \emph{Astragalus lentiginosus}",
NOTE = "The Native Plant Society of Oregon's Corvallis chapter",
}
%NOTE = "Presentation at the Native Plant Society of Oregon, Corvallis chapter",

@misc{knaus_def2008,
AUTHOR = "\textbf{B.J. Knaus}",
MONTH = "September",
YEAR = 2008,
TITLE = "A fistful of \emph{Astragalus}: phenotypic and genotypic characterization of the most taxon rich species in the {N}orth {A}merican Flora",
NOTE = "Ph.D. defense seminar, Oregon State University Department of Botany and Plant Pathology",
}

@misc{knaus_etal_bot2008,
AUTHOR = "\textbf{B.J. Knaus} and R.C. Cronn and A. Liston",
MONTH = "July",
YEAR = 2008,
TITLE = "A fistful of \emph{Astragalus}: incipient speciation in the {A}merican {W}est?",
NOTE = "Botany 2008, Vancouver, B.C. Recipient of the \textbf{George R. Cooley Award} (see awards)",
}
%NOTE = "Contributed presentation at Botany 2008, Vancouver, B.C. Recipient of the \textbf{George R. Cooley Award} (see awards)",

@misc{knaus_bgss2008,
AUTHOR = "\textbf{B.J. Knaus}",
MONTH = "February",
YEAR = 2008,
TITLE = "A fistful of \emph{Astragalus}: incipient speciation in the {A}merican {W}est?",
NOTE = "The O.S.U. Biology Graduate Student Symposium, Newport, OR",
}
%NOTE = "Contributed presentation at the O.S.U. Biology Graduate Student Symposium, Newport, OR",

@misc{knaus_lug2007,
AUTHOR = "\textbf{B.J. Knaus}",
MONTH = "December",
YEAR = 2007,
TITLE = "Introduction to the {R} programming language",
NOTE = "Presentation at the Portland Linux/Unix Users Group, Portland, OR",
}
%NOTE = "Presentation at the Portland Linux/Unix Users Group, Portland, OR",

@misc{knaus_etal_bot2007,
AUTHOR = "\textbf{B.J. Knaus} and R.C. Cronn and A. Liston",
MONTH = "June",
YEAR = 2007,
TITLE = "The architecture of infraspecific differentiation: a case study in \emph{Astragalus lentiginosus} ({F}abaceae)",
NOTE = "Botany 2007, Chicago, IL",
}
%NOTE = "Contributed presentation at Botany 2007, Chicago, IL",

@misc{knaus_etal_evol2006,
AUTHOR = "\textbf{B.J. Knaus} and R.C. Cronn and A. Liston",
MONTH = "June",
YEAR = 2006,
TITLE = "Incongruence between chloroplast and morphological data in the varietal complex \emph{Astragalus lentiginosus}",
NOTE = "Evolution 2006, SUNY Stoneybrook, NY",
}
%NOTE = "Contributed presentation at Evolution 2006, SUNY Stoneybrook, NY",

@misc{knaus_etal_wibo2006,
AUTHOR = "\textbf{B.J. Knaus} and R.C. Cronn and A. Liston",
MONTH = "April",
YEAR = 2006,
TITLE = "Relationships in the most variable species of \emph{Astragalus} inferred from chloroplast microsatellites",
NOTE = "EVO-WIBO (evolutionary biologists of Washington, Idaho, British Columbia, and Oregon). Port Townsend, WA",
}
%NOTE = "Contributed presentation at EVO-WIBO (evolutionary biologists of Washington, Idaho, British Columbia, and Oregon). Port Townsend, WA",

@misc{knaus_bgss2006,
AUTHOR = "\textbf{B.J. Knaus}",
YEAR = 2006,
TITLE = "Divergence within the most variable species of \emph{Astragalus}",
NOTE = "The O.S.U. Biology Graduate Student Symposium, Newport, OR",
MONTH = "March",
}
%NOTE = "Contributed presentation at the O.S.U. Biology Graduate Student Symposium, Newport, OR",

@misc{knaus_etal_bot2006,
AUTHOR = "\textbf{B.J. Knaus} and R.C. Cronn and A. Liston",
YEAR = 2006,
TITLE = "Genetic characterization of three varieties of \emph{Astragalus lentiginosus} ({L}eguminosae)",
NOTE = "Poster at Botany 2006. Austin, TX",
MONTH = "July",
}

@misc{knaus_bpp2004,
AUTHOR = "\textbf{B.J. Knaus}",
MONTH = "May",
YEAR = 2004,
TITLE = "A freckled fracas: evolution in the varietal complex \emph{Astragalus lentiginosus}",
NOTE = "Thesis proposal seminar to the Department of Botany and Plant Pathology, Oregon State University",
}

@misc{knaus_npso2004,
AUTHOR = "\textbf{B.J. Knaus}",
MONTH = "January",
YEAR = 2004,
TITLE = "Rare \emph{Astragalus} of {O}regon",
NOTE = "Presentation to the Corvallis chapter of the Native Plant Society of Oregon on the 24 rare \emph{Astragali} of Oregon presented in Barneby's system of Phalanxes",
}
%NOTE = "Presentation to the Corvallis chapter of the Native Plant Society of Oregon on the 24 rare \emph{Astragali} of Oregon presented in Barneby's system of Phalanxes",

@misc{knaus_mrc1999,
AUTHOR = "\textbf{B.J. Knaus}",
MONTH = "November",
YEAR = 1999,
TITLE = "Presentation on the practical aspects of fire scar collection for dendrochronological analysis",
Note = "Mountain Research Center MRC 500 Seminar Speaker, Montana State University",
}

%AUTHOR = "\textbf{
%MONTH = "
%YEAR = 
%TITLE = "
%NOTE = "




# EOF.
